{
  "leader": "06007cam a2200601 a 4500",
  "fields": [
    {
      "001": "ocm09219274\\"
    },
    {
      "003": "OCoLC"
    },
    {
      "005": "20220106113738.0"
    },
    {
      "008": "830119s1983\\\\\\\\dcua\\\\\\\\\\b\\\\\\f101\\0\\eng\\\\"
    },
    {
      "010": {
        "ind1": "\\",
        "ind2": "\\",
        "subfields": [
          {
            "a": "   82600357 "
          }
        ]
      }
    },
    {
      "040": {
        "ind1": "\\",
        "ind2": "\\",
        "subfields": [
          {
            "a": "DLC"
          },
          {
            "b": "eng"
          },
          {
            "c": "DLC"
          },
          {
            "d": "OCL"
          },
          {
            "d": "BUF"
          },
          {
            "d": "BAKER"
          },
          {
            "d": "BTCTA"
          },
          {
            "d": "YDXCP"
          },
          {
            "d": "XII"
          },
          {
            "d": "GEBAY"
          },
          {
            "d": "DEBBG"
          },
          {
            "d": "UKMGB"
          },
          {
            "d": "OCLCO"
          },
          {
            "d": "GBVCP"
          },
          {
            "d": "OCLCF"
          },
          {
            "d": "OCLCQ"
          },
          {
            "d": "OCLCO"
          },
          {
            "d": "OCLCQ"
          },
          {
            "d": "OCL"
          },
          {
            "d": "OCLCO"
          },
          {
            "d": "EUW"
          },
          {
            "d": "OCLCO"
          },
          {
            "d": "OCLCQ"
          },
          {
            "d": "OCL"
          },
          {
            "d": "OCLCQ"
          },
          {
            "d": "XFF"
          },
          {
            "d": "COF"
          },
          {
            "d": "CSA"
          },
          {
            "d": "VT2"
          },
          {
            "d": "UEJ"
          },
          {
            "d": "NLC"
          },
          {
            "d": "CSJ"
          },
          {
            "d": "OCLCO"
          },
          {
            "d": "OCLCA"
          },
          {
            "d": "OCLCQ"
          },
          {
            "d": "OCLCA"
          },
          {
            "d": "CNO"
          },
          {
            "d": "GILDS"
          },
          {
            "d": "OCLCA"
          },
          {
            "d": "CSO"
          },
          {
            "d": "CPS"
          },
          {
            "d": "CPO"
          },
          {
            "d": "OCLCO"
          },
          {
            "d": "OCLCQ"
          },
          {
            "d": "OCLCO"
          },
          {
            "d": "OCLCA"
          },
          {
            "d": "CRH"
          },
          {
            "d": "IL4J6"
          },
          {
            "d": "OCLCO"
          }
        ]
      }
    },
    {
      "016": {
        "ind1": "\\",
        "ind2": "\\",
        "subfields": [
          {
            "a": "(AMICUS)000003756250"
          }
        ]
      }
    },
    {
      "016": {
        "ind1": "7",
        "ind2": "\\",
        "subfields": [
          {
            "a": "005898209"
          },
          {
            "2": "Uk"
          }
        ]
      }
    },
    {
      "020": {
        "ind1": "\\",
        "ind2": "\\",
        "subfields": [
          {
            "a": "0874745543"
          }
        ]
      }
    },
    {
      "020": {
        "ind1": "\\",
        "ind2": "\\",
        "subfields": [
          {
            "a": "9780874745542"
          }
        ]
      }
    },
    {
      "020": {
        "ind1": "\\",
        "ind2": "\\",
        "subfields": [
          {
            "a": "0874745551"
          },
          {
            "q": "(pbk.)"
          }
        ]
      }
    },
    {
      "020": {
        "ind1": "\\",
        "ind2": "\\",
        "subfields": [
          {
            "a": "9780874745559"
          },
          {
            "q": "(pbk.)"
          }
        ]
      }
    },
    {
      "035": {
        "ind1": "\\",
        "ind2": "\\",
        "subfields": [
          {
            "a": "(OCoLC)9219274"
          }
        ]
      }
    },
    {
      "043": {
        "ind1": "\\",
        "ind2": "\\",
        "subfields": [
          {
            "a": "e-gx---"
          }
        ]
      }
    },
    {
      "050": {
        "ind1": "0",
        "ind2": "0",
        "subfields": [
          {
            "a": "DD68"
          },
          {
            "b": ".M85 1983"
          }
        ]
      }
    },
    {
      "082": {
        "ind1": "0",
        "ind2": "0",
        "subfields": [
          {
            "a": "304.80943"
          },
          {
            "b": "MUS"
          }
        ]
      }
    },
    {
      "245": {
        "ind1": "0",
        "ind2": "4",
        "subfields": [
          {
            "a": "The Muses flee Hitler :"
          },
          {
            "b": "cultural transfer and adaptation, 1930-1945 /"
          },
          {
            "c": "edited by Jarrell C. Jackman and Carla M. Borden."
          }
        ]
      }
    },
    {
      "260": {
        "ind1": "\\",
        "ind2": "\\",
        "subfields": [
          {
            "a": "Washington, D.C. :"
          },
          {
            "b": "Smithsonian Institution Press,"
          },
          {
            "c": "1983."
          }
        ]
      }
    },
    {
      "300": {
        "ind1": "\\",
        "ind2": "\\",
        "subfields": [
          {
            "a": "347 pages :"
          },
          {
            "b": "illustrations ;"
          },
          {
            "c": "23 cm"
          }
        ]
      }
    },
    {
      "336": {
        "ind1": "\\",
        "ind2": "\\",
        "subfields": [
          {
            "a": "text"
          },
          {
            "b": "txt"
          },
          {
            "2": "rdacontent"
          }
        ]
      }
    },
    {
      "337": {
        "ind1": "\\",
        "ind2": "\\",
        "subfields": [
          {
            "a": "unmediated"
          },
          {
            "b": "n"
          },
          {
            "2": "rdamedia"
          }
        ]
      }
    },
    {
      "338": {
        "ind1": "\\",
        "ind2": "\\",
        "subfields": [
          {
            "a": "volume"
          },
          {
            "b": "nc"
          },
          {
            "2": "rdacarrier"
          }
        ]
      }
    },
    {
      "504": {
        "ind1": "\\",
        "ind2": "\\",
        "subfields": [
          {
            "a": "Includes bibliographical references (pages 321-323) and index."
          }
        ]
      }
    },
    {
      "505": {
        "ind1": "0",
        "ind2": "0",
        "subfields": [
          {
            "g": "[1.]"
          },
          {
            "t": "Background and migration:"
          },
          {
            "t": "Anti-intellectualism and the cultural decapitation of Germany under the Nazis /"
          },
          {
            "r": "Alan Beyerchen --"
          },
          {
            "t": "The movement of people in a time of crisis /"
          },
          {
            "r": "Herbert A. Strauss --"
          },
          {
            "t": "American refugee policy in historical perspective /"
          },
          {
            "r": "Roger Daniels --"
          },
          {
            "t": "\"Wanted by the Gestapo: saved by America\" -Varian Fry and the Emergency Rescue Committee /"
          },
          {
            "r": "Cynthia Jaffee McCabe --"
          },
          {
            "g": "[2.]"
          },
          {
            "t": "The muses in America:"
          },
          {
            "t": "Adaptation and influence:"
          },
          {
            "t": "German e\u0301migre\u0301s in southern California /"
          },
          {
            "r": "Jarrell C. Jackman ;"
          },
          {
            "t": "Social theory in a new context /"
          },
          {
            "r": "H. Stuart Hughes --"
          },
          {
            "t": "Transplanting the arts:"
          },
          {
            "t": "European writers in exile /"
          },
          {
            "r": "Alfred Kazin ;"
          },
          {
            "t": "The music world in migration /"
          },
          {
            "r": "Boris Schwarz ;"
          },
          {
            "t": "American skyscrapers and Weimar modern: transactions between fact and idea /"
          },
          {
            "r": "Christian F. Otto --"
          },
          {
            "t": "Interaction of cultures: the sciences:"
          },
          {
            "t": "The migration of physicists to the United States /"
          },
          {
            "r": "Gerald Holton ;"
          },
          {
            "t": "Immigrants in American chemistry /"
          },
          {
            "r": "P. Thomas Carroll ;"
          },
          {
            "t": "Refugee mathematicians in the United States, 1933-1941: reception and reaction /"
          },
          {
            "r": "Nathan Reingold --"
          },
          {
            "g": "[3.]"
          },
          {
            "t": "Cultural adaptation in worldwide perspective:"
          },
          {
            "t": "The role of Switzerland for the refugees /"
          },
          {
            "r": "Helmut F. Pfanner --"
          },
          {
            "t": "Intellectual e\u0301migre\u0301s in Britain, 1933-1939 /"
          },
          {
            "r": "Bernard Wasserstein --"
          },
          {
            "t": "Canada and the refugee intellectual, 1933-1939 /"
          },
          {
            "r": "Irving Abella and Harold Troper --"
          },
          {
            "t": "Muses behind barbed wire: Canada and the interned refugees /"
          },
          {
            "r": "Paula Jean Draper --"
          },
          {
            "t": "Shanghai chronicle: Nazi refugees in China /"
          },
          {
            "r": "Renata Berg-Pan --"
          },
          {
            "t": "The reception of the muses in the circum-Caribbean /"
          },
          {
            "r": "Judith Laikin Elkin --"
          },
          {
            "t": "Das andere Deutschland: the anti-fascist exile network in southern South America /"
          },
          {
            "r": "Ronald C. Newton."
          }
        ]
      }
    },
    {
      "520": {
        "ind1": "\\",
        "ind2": "\\",
        "subfields": [
          {
            "a": "[1.] Background and migration: Anti-intellectualism and the cultural decapitation of Germany under the Nazis / Alan Beyerchen -- The movement of people in a time of crisis / Herbert A. Strauss -- American refugee policy in historical perspective / Roger Daniels -- \"Wanted by the Gestapo: saved by America\" -Varian Fry and the Emergency Rescue Committee / Cynthia Jaffee McCabe -- [2.] The muses in America: Adaptation and influence: German e\u0301migre\u0301s in southern California / Jarrell C. Jackman ; Social theory in a new context / H. Stuart Hughes -- Transplanting the arts: European writers in exile / Alfred Kazin ; The music world in migration / Boris Schwarz ; American skyscrapers and Weimar modern: transactions between fact and idea / Christian F. Otto -- Interaction of cultures: the sciences: The migration of physicists to the United States / Gerald Holton ; Immigrants in American chemistry / P. Thomas Carroll ; Refugee mathematicians in the United States, 1933-1941: reception and reaction / Nathan Reingold -- [3.] Cultural adaptation in worldwide perspective: The role of Switzerland for the refugees / Helmut F. Pfanner -- Intellectual e\u0301migre\u0301s in Britain, 1933-1939 / Bernard Wasserstein -- Canada and the refugee intellectual, 1933-1939 / Irving Abella and Harold Troper -- Muses behind barbed wire: Canada and the interned refugees / Paula Jean Draper -- Shanghai chronicle: Nazi refugees in China / Renata Berg-Pan -- The reception of the muses in the circum-Caribbean / Judith Laikin Elkin -- Das andere Deutschland: the anti-fascist exile network in southern South America / Ronald C. Newton."
          }
        ]
      }
    },
    {
      "650": {
        "ind1": "\\",
        "ind2": "0",
        "subfields": [
          {
            "a": "Germans"
          },
          {
            "z": "Foreign countries"
          },
          {
            "x": "History"
          },
          {
            "y": "20th century"
          },
          {
            "v": "Congresses."
          }
        ]
      }
    },
    {
      "651": {
        "ind1": "\\",
        "ind2": "0",
        "subfields": [
          {
            "a": "Germany"
          },
          {
            "x": "Emigration and immigration"
          },
          {
            "x": "History"
          },
          {
            "y": "1933-1945"
          },
          {
            "v": "Congresses."
          }
        ]
      }
    },
    {
      "650": {
        "ind1": "\\",
        "ind2": "0",
        "subfields": [
          {
            "a": "Political refugees"
          },
          {
            "z": "Germany"
          },
          {
            "x": "History"
          },
          {
            "y": "20th century"
          },
          {
            "v": "Congresses."
          }
        ]
      }
    },
    {
      "650": {
        "ind1": "\\",
        "ind2": "0",
        "subfields": [
          {
            "a": "Acculturation"
          },
          {
            "v": "Congresses."
          }
        ]
      }
    },
    {
      "650": {
        "ind1": "\\",
        "ind2": "2",
        "subfields": [
          {
            "a": "Emigration and Immigration"
          },
          {
            "x": "history."
          }
        ]
      }
    },
    {
      "650": {
        "ind1": "\\",
        "ind2": "2",
        "subfields": [
          {
            "a": "Refugees"
          },
          {
            "x": "history."
          }
        ]
      }
    },
    {
      "650": {
        "ind1": "\\",
        "ind2": "2",
        "subfields": [
          {
            "a": "Acculturation"
          },
          {
            "x": "history."
          }
        ]
      }
    },
    {
      "650": {
        "ind1": "\\",
        "ind2": "7",
        "subfields": [
          {
            "a": "Acculturation."
          },
          {
            "2": "fast"
          },
          {
            "0": "(OCoLC)fst00795535"
          }
        ]
      }
    },
    {
      "650": {
        "ind1": "\\",
        "ind2": "7",
        "subfields": [
          {
            "a": "Emigration and immigration."
          },
          {
            "2": "fast"
          },
          {
            "0": "(OCoLC)fst00908690"
          }
        ]
      }
    },
    {
      "650": {
        "ind1": "\\",
        "ind2": "7",
        "subfields": [
          {
            "a": "Germans"
          },
          {
            "x": "Foreign countries."
          },
          {
            "2": "fast"
          },
          {
            "0": "(OCoLC)fst00942117"
          }
        ]
      }
    },
    {
      "650": {
        "ind1": "\\",
        "ind2": "7",
        "subfields": [
          {
            "a": "Political refugees."
          },
          {
            "2": "fast"
          },
          {
            "0": "(OCoLC)fst01069678"
          }
        ]
      }
    },
    {
      "651": {
        "ind1": "\\",
        "ind2": "7",
        "subfields": [
          {
            "a": "Germany."
          },
          {
            "2": "fast"
          },
          {
            "0": "(OCoLC)fst01210272"
          }
        ]
      }
    },
    {
      "648": {
        "ind1": "\\",
        "ind2": "7",
        "subfields": [
          {
            "a": "1900-1999"
          },
          {
            "2": "fast"
          }
        ]
      }
    },
    {
      "655": {
        "ind1": "\\",
        "ind2": "7",
        "subfields": [
          {
            "a": "Conference papers and proceedings."
          },
          {
            "2": "fast"
          },
          {
            "0": "(OCoLC)fst01423772"
          }
        ]
      }
    },
    {
      "655": {
        "ind1": "\\",
        "ind2": "7",
        "subfields": [
          {
            "a": "History."
          },
          {
            "2": "fast"
          },
          {
            "0": "(OCoLC)fst01411628"
          }
        ]
      }
    },
    {
      "655": {
        "ind1": "\\",
        "ind2": "7",
        "subfields": [
          {
            "a": "Congresses."
          },
          {
            "2": "lcgft"
          }
        ]
      }
    },
    {
      "700": {
        "ind1": "1",
        "ind2": "\\",
        "subfields": [
          {
            "a": "Jackman, Jarrell C."
          }
        ]
      }
    },
    {
      "700": {
        "ind1": "1",
        "ind2": "\\",
        "subfields": [
          {
            "a": "Borden, Carla M."
          }
        ]
      }
    },
    {
      "776": {
        "ind1": "0",
        "ind2": "8",
        "subfields": [
          {
            "i": "Online version:"
          },
          {
            "t": "Muses flee Hitler."
          },
          {
            "d": "Washington, D.C.: Smithsonian Institution Press, 1983"
          },
          {
            "w": "(OCoLC)558247387"
          }
        ]
      }
    },
    {
      "856": {
        "ind1": "4",
        "ind2": "1",
        "subfields": [
          {
            "3": "Table of contents"
          },
          {
            "u": "http://bvbr.bib-bvb.de:8991/F?func=service&doc_library=BVB01&local_base=BVB01&doc_number=000079968&line_number=0001&func_code=DB_RECORDS&service_type=MEDIA"
          }
        ]
      }
    },
    {
      "994": {
        "ind1": "\\",
        "ind2": "\\",
        "subfields": [
          {
            "a": "Z0"
          },
          {
            "b": "NYRVC"
          }
        ]
      }
    },
    {
      "948": {
        "ind1": "\\",
        "ind2": "\\",
        "subfields": [
          {
            "h": "NO HOLDINGS IN NYRVC - 721 OTHER HOLDINGS"
          }
        ]
      }
    },
    {
      "999": {
        "ind1": "\\",
        "ind2": "\\",
        "subfields": [
          {
            "a": "00000000014833"
          }
        ]
      }
    }
  ]
}